<?xml version="1.0" encoding="utf-8"?>
<record xmlns="http://www.loc.gov/MARC21/slim" xmlns:xsi="http://www.w3.org/2001/XMLSchema-instance" xsi:schemaLocation="http://www.loc.gov/MARC21/slim http://www.loc.gov/standards/marcxml/schema/MARC21slim.xsd">
	<leader>     nam a22        4500</leader>
	<controlfield tag="001">b12759181</controlfield>
	<controlfield tag="003">LeBAU</controlfield>
	<controlfield tag="006">m        d        </controlfield>
	<controlfield tag="007">cr cn |||m|||a</controlfield>
	<controlfield tag="008">180126s1941    mr abc  o     ||1 0 ara d</controlfield>
	<datafield ind1=" " ind2=" " tag="040">
		<subfield code="a">NNU</subfield>
		<subfield code="b">ara</subfield>
		<subfield code="e">rda</subfield>
		<subfield code="c">NNU</subfield>
	</datafield>
	<datafield ind1="1" ind2=" " tag="041">
		<subfield code="a">ara</subfield>
		<subfield code="b">spa</subfield>
	</datafield>
	<datafield ind1="0" ind2="4" tag="082">
		<subfield code="a">914.6</subfield>
		<subfield code="2">20</subfield>
	</datafield>
	<datafield ind1="1" ind2=" " tag="100">
		<subfield code="6">880-01</subfield>
		<subfield code="a">Ghazzāl, Aḥmad ibn al-Mahdī,</subfield>
		<subfield code="d">-1777 or 1778,</subfield>
		<subfield code="e">author.</subfield>
	</datafield>
	<datafield ind1="1" ind2="0" tag="245">
		<subfield code="6">880-02</subfield>
		<subfield code="a">Kitāb Natijat al-ijtihad fi al-muhadanah wa-al-jihad /</subfield>
		<subfield code="c">ta’līf al-Kātib al-Adīb Aḥmad ibn al-Mahdī al-Ghazzāl, kātib asrār Mawlāy Muḥammad ibn ‘Abd Allāh sulṭān al-Maghrib wa-safīruhu ilā Kārluṣ al-Thālith malik Isbāniyā ‘ām 1179 - 1180 H. 1766-1767 M. ; istakhlaṣahu min makhṭūṭāt ʻiddah wa-ʻallaqa ḥawāshīhi wa-waḍa‘a la-hu al-Jadāwil wa-al-fahāris wa-al-tarājim al-Ustādh Alfrīd al-Bustānī.</subfield>
	</datafield>
	<datafield ind1="1" ind2="5" tag="246">
		<subfield code="a">Natijat al-ijtihad fi al-muhadanah wa-al-jihad</subfield>
	</datafield>
	<datafield ind1="3" ind2="0" tag="246">
		<subfield code="6">880-03</subfield>
		<subfield code="a">نتيجة الإجتهاد في المهادنة والجهاد</subfield>
	</datafield>
	<datafield ind1=" " ind2="1" tag="264">
		<subfield code="6">880-04</subfield>
		<subfield code="a">al-‘Arā’ish, al-Maghrib :</subfield>
		<subfield code="b">Mu’assasat al-Jinirāl Frankū lil-Abḥāth al-‘Arabīyah-al-Isbānīyah,</subfield>
		<subfield code="c">1941.</subfield>
	</datafield>
	<datafield ind1=" " ind2=" " tag="300">
		<subfield code="6">880-05</subfield>
		<subfield code="a">online resource (102 pages, 29 unnumbered leaves of plates) :</subfield>
		<subfield code="b">illustrations (some folded), folded map, portraits</subfield>
	</datafield>
	<datafield ind1=" " ind2=" " tag="336">
		<subfield code="a">text</subfield>
		<subfield code="2">rdacontent</subfield>
	</datafield>
	<datafield ind1=" " ind2=" " tag="337">
		<subfield code="a">computer</subfield>
		<subfield code="2">rdamedia</subfield>
	</datafield>
	<datafield ind1=" " ind2=" " tag="338">
		<subfield code="a">online resource</subfield>
		<subfield code="2">rdacarrier</subfield>
	</datafield>
	<datafield ind1=" " ind2=" " tag="500">
		<subfield code="a">Part of the Arabic Collections Online (ACO) project, contributed by American University of Beirut's Jafet Memorial Library.</subfield>
	</datafield>
	<datafield ind1=" " ind2=" " tag="533">
		<subfield code="a">Electronic reproduction.</subfield>
		<subfield code="b">New York, N.Y. :</subfield>
		<subfield code="c">New York University,</subfield>
		<subfield code="d">2018.</subfield>
		<subfield code="5">NNU</subfield>
	</datafield>
	<datafield ind1=" " ind2=" " tag="546">
		<subfield code="a">النص بالعربية؛ مع مقدمة بالإسبانية.</subfield>
	</datafield>
	<datafield ind1="0" ind2="4" tag="600">
		<subfield code="a">محمد بن عبد الله،</subfield>
		<subfield code="c">سلطان المغرب،</subfield>
		<subfield code="d">-1790.</subfield>
	</datafield>
	<datafield ind1="0" ind2="4" tag="600">
		<subfield code="a">شارل</subfield>
		<subfield code="b">الثالث،</subfield>
		<subfield code="c">ملك إسبانيا،</subfield>
		<subfield code="d">1716-1788.</subfield>
	</datafield>
	<datafield ind1="0" ind2="0" tag="600">
		<subfield code="a">Muḥammad ibn ʻAbd Allāh,</subfield>
		<subfield code="c">Sultan of Morocco,</subfield>
		<subfield code="d">-1790</subfield>
	</datafield>
	<datafield ind1="0" ind2="0" tag="600">
		<subfield code="a">Charles</subfield>
		<subfield code="b">III,</subfield>
		<subfield code="c">King of Spain,</subfield>
		<subfield code="d">1716-1788.</subfield>
	</datafield>
	<datafield ind1=" " ind2="4" tag="651">
		<subfield code="a">اسبانيا</subfield>
		<subfield code="x">العلاقات الخارجية</subfield>
		<subfield code="z">المغرب.</subfield>
	</datafield>
	<datafield ind1=" " ind2="4" tag="651">
		<subfield code="a">المغرب</subfield>
		<subfield code="x">العلاقات الخارجية</subfield>
		<subfield code="z">اسبانيا.</subfield>
	</datafield>
	<datafield ind1=" " ind2="4" tag="651">
		<subfield code="a">اسبانيا</subfield>
		<subfield code="x">وصف ورحلات.</subfield>
	</datafield>
	<datafield ind1=" " ind2="4" tag="651">
		<subfield code="a">اسبانيا</subfield>
		<subfield code="x">الحضارة</subfield>
		<subfield code="y">القرن الثامن عشر.</subfield>
	</datafield>
	<datafield ind1=" " ind2="0" tag="651">
		<subfield code="a">Spain</subfield>
		<subfield code="x">Foreign relations</subfield>
		<subfield code="z">Morocco.</subfield>
	</datafield>
	<datafield ind1=" " ind2="0" tag="651">
		<subfield code="a">Morocco</subfield>
		<subfield code="x">Foreign relations</subfield>
		<subfield code="z">Spain.</subfield>
	</datafield>
	<datafield ind1=" " ind2="0" tag="651">
		<subfield code="a">Spain</subfield>
		<subfield code="x">Description and travel.</subfield>
	</datafield>
	<datafield ind1=" " ind2="0" tag="651">
		<subfield code="a">Spain</subfield>
		<subfield code="x">Civilization</subfield>
		<subfield code="y">18th century.</subfield>
	</datafield>
	<datafield ind1="1" ind2=" " tag="700">
		<subfield code="6">880-06</subfield>
		<subfield code="a">Bustani, Alfredo,</subfield>
		<subfield code="e">compiler.</subfield>
	</datafield>
	<datafield ind1="2" ind2=" " tag="710">
		<subfield code="a">Jafet Memorial Library.</subfield>
	</datafield>
	<datafield ind1="0" ind2=" " tag="730">
		<subfield code="a">Arabic Collections Online.</subfield>
	</datafield>
	<datafield ind1="0" ind2=" " tag="775">
		<subfield code="6">880-07</subfield>
		<subfield code="t">Natijat al-ijtihad fi al-muhadanah wa-al-jihad : &quot;Riḥlat al-Ghazzāl wa-sifāratihi ilá al-Andalus&quot;.</subfield>
		<subfield code="b">al-Ṭab‘ah al-ūlá</subfield>
		<subfield code="d">Bayrūt : Dār al-Gharb al-Islāmī, 1980</subfield>
		<subfield code="w">(OCoLC)784434653</subfield>
		<subfield code="w">(OCoLC)784434653</subfield>
	</datafield>
	<datafield ind1="0" ind2="8" tag="776">
		<subfield code="i">Print version:</subfield>
		<subfield code="a">Ghazzāl, Aḥmad ibn al-Mahdī, -1777 or 1778, author.</subfield>
		<subfield code="t">Kitāb Natijat al-ijtihad fi al-muhadanah wa-al-jihad</subfield>
		<subfield code="w">(LeBAU)b12759181</subfield>
	</datafield>
	<datafield ind1="4" ind2="0" tag="856">
		<subfield code="u">http://hdl.handle.net/2333.1/2bvq88p3</subfield>
	</datafield>
	<datafield ind1="1" ind2=" " tag="880">
		<subfield code="6">100-01/(3/r</subfield>
		<subfield code="a">الغزال، احمد بن المهدي،</subfield>
		<subfield code="d">-1777 او 1778،</subfield>
		<subfield code="e">مؤلف. </subfield>
		<subfield code="4">aut.</subfield>
	</datafield>
	<datafield ind1="1" ind2="0" tag="880">
		<subfield code="6">245-02/(3/r</subfield>
		<subfield code="a">كتاب نتيجة الإجتهاد في المهادنة و الجهاد /</subfield>
		<subfield code="c">تأليف الكاتب الأديب أحمد بن المهدي الغزال، كاتب أسرار مولاي محمد بن عبد الله سلطان المغرب وسفيره إلى كارلص الثالث ملك إسبانيا عام 1179 - 1180 هـ. 1766 - 1767 م. ؛ إستخلصه من مخطوطات عدة وقدم له وعلق حواشيه ووضع له الجداول والفهارس والتراجم الأستاذ ألفريد البستاني.</subfield>
	</datafield>
	<datafield ind1="3" ind2="0" tag="880">
		<subfield code="6">246-03/(3/r</subfield>
		<subfield code="a">Consecuencia del esfuerzo en la paz Y en la guerra</subfield>
	</datafield>
	<datafield ind1=" " ind2="1" tag="880">
		<subfield code="6">264-04/(3/r</subfield>
		<subfield code="a">العرائش، المغرب :</subfield>
		<subfield code="b">مؤسسة الجنرال فرنكو للأبحاث  العربية-الإسبانية،</subfield>
		<subfield code="c">1941.</subfield>
	</datafield>
	<datafield ind1=" " ind2=" " tag="880">
		<subfield code="6">300-05/(3/r</subfield>
		<subfield code="a">102، 14 صفحة، 29 ورقة لوحات غير مرقمة :</subfield>
		<subfield code="b">مصورات (بعضها مطوي)، خريطة مطوية، صور شخصانية ؛</subfield>
		<subfield code="c">31 سم</subfield>
	</datafield>
	<datafield ind1="1" ind2=" " tag="880">
		<subfield code="6">700-06/(3/r</subfield>
		<subfield code="a">البستاني، ألفريد،</subfield>
		<subfield code="e">معد. </subfield>
		<subfield code="4">com.</subfield>
	</datafield>
	<datafield ind1="0" ind2=" " tag="880">
		<subfield code="6">775-07/(3/r</subfield>
		<subfield code="t">نتيجة الاجتهاد في المهادنة والجهاد : &quot; رحلة الغزال وسفارته الى الاندلس &quot;.</subfield>
		<subfield code="b">الطبعة الأولى</subfield>
		<subfield code="d">بيروت : دار الغرب الاسلامي، 1980</subfield>
		<subfield code="w">b12630688</subfield>
		<subfield code="w">(OCoLC)784434653</subfield>
	</datafield>
	<datafield ind1=" " ind2=" " tag="959">
		<subfield code="a">NNU</subfield>
		<subfield code="b">WEB</subfield>
		<subfield code="c">GENI</subfield>
		<subfield code="t">0</subfield>
		<subfield code="m">Electronic access</subfield>
		<subfield code="s">01</subfield>
	</datafield>
	<datafield ind1=" " ind2=" " tag="999">
		<subfield code="i">LeBAU_b12759181</subfield>
		<subfield code="s">aub_aco001615</subfield>
		<subfield code="e">(ERROR-880)(ERROR-MISC)</subfield>
	</datafield>
</record>
